2259 4175
378 1008 413 1065 A.
436 1000 708 1064 cnuturro.
770 1020 845 1078 ¹¹09

242 1101 646 1183 eonjunuumeffedefendito.
668 1101 734 1163 dunt
742 1122 809 1178 vero
817 1123 848 1161 e·

242 1209 291 1252 um
302 1189 378 1250 fuisse
390 1191 576 1270 Oppianicum
584 1187 731 1265 constabit,
747 1190 795 1268 qui
804 1202 846 1246 ta·

243 1276 322 1337 bulas
341 1276 462 1356 publicat
480 1277 625 1355 municipii
644 1274 684 1334 sui
699 1271 848 1352 corrupisse

240 1361 382 1441 judicatus
390 1360 433 1421 sit:
445 1363 494 1440 qui
504 1359 848 1421 tessamentuminterleve·

244 1449 293 1524 tit,
308 1449 367 1528 qui,
379 1444 514 1527 suppofita
522 1446 652 1527 persona,
664 1442 760 1506 salsum
769 1443 848 1504 testa·

247 1531 583 1609 mentumobfignandum
593 1533 705 1594 curarit:
719 1533 849 1612 quicum,

248 1622 328 1699 ‘cujus
337 1617 486 1679 nomineid
495 1616 666 1696 obsignatum
678 1617 725 1692 esi,
735 1616 850 1676 iuterfe-

248 1707 330 1768 cerit:
343 1705 392 1782 qui
403 1703 569 1762 avunculum
577 1704 627 1763 silii
636 1702 711 1763 suiin
721 1701 851 1762 servitute

251 1811 285 1850 ac
295 1790 415 1849 vinculis
423 1792 545 1848 necarit:
566 1791 615 1867 qui
626 1789 779 1867 municipes
787 1787 851 1846 suos

248 1872 481 1957 proscribendos,
496 1872 715 1951 occidendosque
730 1875 852 1932 curarit:

249 1962 298 2041 qui
308 1961 368 2039 ejus
377 1980 593 2038 uxorem,quem
601 1958 749 2032 occiderat,
756 1959 785 2016 in
794 1979 852 2017 ma·

249 2047 412 2108 trimonium
428 2045 556 2107 duxerit:
574 2048 622 2127 qui
640 2046 783 2128 pecuniam
799 2064 852 2126 pro

250 2136 399 2194 abortione
411 2132 533 2193 dederit:
547 2136 595 2214 qui
608 2132 727 2210 socrum,
738 2134 786 2211 qui
797 2152 851 2191 ux-

251 2239 339 2293 orem,
354 2221 402 2297 qui
415 2240 473 2279 uno
486 2236 610 2300 tempore
620 2218 712 2278 fratris
724 2240 853 2295 uxorem,

252 2303 426 2384 speratosque
441 2305 553 2377 liberos,
571 2307 737 2383 fratremque
753 2304 853 2383 ipsum,

252 2392 301 2469 qui
320 2389 438 2467 denique
457 2389 521 2449 suos
545 2391 646 2449 liberos
668 2388 853 2448 interfecerit:

252 2478 302 2555 qui
319 2494 381 2534 cum
397 2494 534 2534 venenum
553 2477 683 2556 privigno
703 2474 751 2534 suo
770 2495 854 2553 quae·

254 2558 856 2639 mmmmmffihfitmmmmffimcu

250 2645 438 2726 jusministris
454 2645 622 2726 consciisque
636 2647 785 2721 damnatis,
799 2645 856 2726 ipse

253 2733 385 2792 adductus
408 2735 437 2791 in
456 2732 590 2810 judicium
609 2736 752 2814 pecuniam
766 2734 855 2812 judici

254 2819 360 2879 dederit
381 2819 413 2877 ad
433 2817 579 2878 sententias
590 2820 714 2896 judicum
731 2841 855 2881 corrum-

254 2906 369 2986 pendas:
384 2905 533 2977 dumhaec,
544 2909 670 2984 inquam,
679 2906 712 2965 de
722 2909 856 2985 Oppiani·

254 3010 289 3049 co
302 2990 475 3064 constabunt,
488 2992 604 3049 necullo
616 3007 778 3068 argumento
787 2993 854 3050 Clu·

255 3076 857 3153 entianaepecuniaecrimentenebiturtquid

255 3160 852 3238 Qmfflfflfflmwmffiwmw

259 3246 314 3307 sive
327 3248 423 3325 opinio
435 3246 499 3322 suit,
514 3248 664 3325 adiuuare,
672 3249 875 3303 autumem»

252 3347 407 3397 nocentem
434 3337 606 3420 opprimere
625 3328 711 3412 posit
730 3325 876 3382 cruentur·

522 3430 667 3498 Aua3
