2259 4175
338 648 559 707 ACTIONIS
577 653 616 708 11.
635 654 720 713 ΜΒ.
739 660 778 715 V.
818 660 871 729 781

260 752 404 833 plunniae:
417 752 449 812 in
459 751 523 812 foro
531 750 667 815 lilentium
676 754 727 816 elle
739 758 873 827 summum

258 838 606 919 caularum,atquejuris:
622 864 680 901 non
689 844 873 911 ferebantho·

258 928 353 987 mines
365 926 489 987 moleste.
513 949 574 987 non
591 930 664 989 enim
678 931 871 1006 jusabellevi··

261 1012 381 1073 debatur
398 1036 414 1073 a
430 1014 506 1087 loro,
518 1034 610 1093 neque
621 1016 740 1091 judicia;
761 1020 803 1079 sed
814 1026 870 1099 vis,

263 1101 458 1177 eterudelitas,
469 1118 498 1160 et
507 1104 648 1160 bonorum
669 1106 774 1179 acerba,
786 1124 871 1187 atque

262 1187 515 1268 indignadireptio.
539 1192 614 1247 hunc
623 1204 650 1245 tu
660 1190 869 1272 igiturimpera·

260 1290 349 1336 torem
357 1275 410 1335 elle
416 1274 556 1345 defendis,
569 1272 712 1333 Hortensi?
720 1278 801 1353 hujus
809 1280 869 1339 sur.

258 1378 299 1437 ta,
319 1364 443 1441 rapinas,
455 1360 645 1440 cupiditatem,
666 1362 869 1441 crudelitatem,

259 1448 425 1529 superbiam,
444 1446 544 1521 scelus,
555 1447 708 1520 audaciam,
720 1468 809 1507 rerum
821 1471 868 1527 ge·

259 1534 359 1595 starum
371 1534 577 1614 magnitudine,
596 1548 679 1611 atque
694 1536 868 1612 imperatoris

258 1621 386 1683 laudibus
405 1637 498 1701 tegere
509 1622 634 1679 conaris?
650 1624 695 1679 hic
713 1620 812 1682 scilicet
828 1622 868 1683 cli

259 1710 451 1783 metuendum,
469 1728 516 1783 ne,
531 1707 566 1766 ad
579 1709 683 1767 exitum
699 1707 867 1769 defenfionis

261 1811 334 1870 tuae,
348 1795 484 1856 vetusilla
494 1795 654 1853 Antoniana
662 1794 771 1854 dicendi
781 1799 866 1870 ratio,

263 1900 345 1963 atque
364 1885 512 1942 auctoritas
526 1882 697 1961 proferatur:
715 1904 750 1941 ne
761 1886 867 1941 excite·

262 1984 309 2025 tut
321 1978 435 2043 Verres,
451 1990 486 2027 ne
502 1968 656 2027 denudetur
669 1974 814 2046 apettorc,
831 1990 867 2027 ne

265 2056 405 2115 cicatrices
414 2056 530 2136 populus
542 2062 684 2115 Romanus
695 2053 818 2134 aspiciat,
832 2076 868 2116 ex

263 2142 406 2203 mulierum
414 2142 504 2204 morsu
514 2142 629 2220 vestigia
640 2142 775 2215 libidinis,
786 2157 868 2222 atque

261 2235 412 2310 nequitiae.
436 2232 476 2290 dii
484 2230 597 2302 faciant,
610 2247 640 2289 ut
650 2232 687 2289 rei
697 2229 869 2305 militaris,ut

260 2320 324 2378 belli
336 2321 507 2378 mentionem
517 2318 606 2376 facere
614 2318 724 2376 audeas.
749 2315 868 2393 cognos-

260 2422 359 2466 centur
369 2408 444 2464 enim
452 2406 547 2463 omnia
556 2403 629 2462 illius
640 2425 701 2462 aera
710 2405 869 2474 illavetem‚

259 2510 302 2569 ut,
318 2515 380 2552 non
389 2492 477 2551 solum
490 2493 519 2549 in
532 2492 659 2569 imperio,
674 2511 769 2549 verum
786 2493 870 2547 etiam

261 2580 291 2639 in
307 2579 450 2660 stipendiis
468 2578 558 2656 qualis
580 2577 672 2650 fuerit,
696 2576 868 2652 intelligatiS.

261 2667 540 2746 renovabiturprima
551 2664 597 2721 illa
606 2664 715 2736 militia,
727 2683 789 2719 cum
799 2660 872 2720 ittet.

260 2755 327 2815 foro
336 2753 445 2827 abduci,
455 2773 526 2825 non,
539 2766 571 2809 ut
580 2750 634 2830 ipse
643 2749 794 2828 praedicat,
810 2768 873 2825 per·

262 2843 327 2903 duci
344 2840 458 2901 solebat.
484 2838 611 2898 aleatoris
620 2836 781 2898 Placentini
792 2831 884 2896 caica

258 2927 566 2987 commemorabuntur:
586 2930 614 2989 in
629 2931 742 3012 quibua
755 2927 900 2993 cumite-

241 3005 544 3085 q¹10¹1³s¹¹1⁶ff⁶t2tamen
557 3042 625 3086 aere
639 3023 766 3091 dirutus
773 3013 906 3089 cumb
