2259 4175
379 994 706 1055 srcuuurrrro.
767 1006 841 1074 πῃ

246 1088 309 1166 lege
321 1089 457 1148 ‘rationein
470 1091 544 1149 vine
558 1086 621 1148 suae
636 1086 771 1161 redderet,
790 1105 850 1168 qus

247 1195 308 1235 non
315 1189 463 1234 teneretur.
470 1172 785 1252 qusefivobisconditio
793 1173 850 1252 pls·

246 1274 410 1319 eetsomnes
417 1259 444 1317 id
453 1278 577 1335 agamus,
586 1273 617 1316 ut
625 1260 691 1317 hoec
698 1278 780 1336 quam
789 1258 849 1337 priv

247 1346 363 1403 usumin
373 1363 470 1403 ornnes
478 1343 592 1403 ordines
600 1341 849 1422 qusellioperfers·

208 1443 240 1491 57
249 1444 304 1488 sur.
350 1437 456 1489 lustres
464 1429 586 1507 quidem,
598 1447 647 1508 per
656 1427 725 1486 deos
733 1431 849 1488 immor·

247 1515 328 1573 sales!
346 1516 477 1592 quonism
484 1516 579 1574 omnis
586 1512 734 1573 commoda
741 1513 848 1587 nolin,

243 1599 319 1677 jura,
330 1598 497 1672 libertatem,
513 1599 625 1658 salutern
641 1597 762 1678 denique
778 1599 846 1676 legi·

247 1685 300 1744 bus
314 1686 483 1757 obtinemus,
501 1704 517 1742 s
536 1684 642 1760 legibus
658 1704 718 1742 non
732 1684 844 1744 meda·-

248 1765 850 1846 mus:fimuletiiludqusmfitindignum,co·'

249 1854 379 1928 gitemus,
387 1852 518 1931 populum
528 1860 683 1910 Romanum
691 1850 762 1910 aliud
771 1872 853 1915 nune

249 1957 345 2014 ageres
363 1939 446 1997 vobis
465 1936 659 2016 rempublicam
678 1950 706 1994 et
724 1935 851 1997 fortunas

249 2019 716 2103 susscomnrifilleripsurufinecurs
724 2016 852 2082 ellesnon'

249 2124 382 2183 metuere,
393 2130 429 2169 ne
439 2109 499 2187 lege
509 2131 551 2184 es,
562 2128 646 2189 quum
658 2127 799 2186 nunquam
808 2110 853 2189 ip·

250 2191 398 2270 sejullerit,
409 2211 436 2254 et
446 2194 616 2273 quaestione,
628 2213 685 2273 qus
697 2191 723 2252 se
731 2192 853 2254 soluturis¹

251 2276 421 2356 liberumque
435 2278 486 2338 elle
501 2282 661 2351 arbitretur,
678 2298 728 2357 per
746 2299 851 2357 paucos

248 2362 357 2440 judices
365 2362 536 2437 astringetur.
550 2365 608 2439 agit
617 2365 693 2420 eninr
700 2360 735 2422 fic
746 2362 855 2423 causans

250 2452 293 2507 Τ.
302 2448 410 2521 Atrius,
421 2445 577 2505 adolescens
588 2449 681 2505 bonus
689 2444 851 2522 erdisertus,

251 2551 350 2593 omnes
358 2532 433 2591 cives
440 2530 545 2607 legibus
554 2531 641 2590 teneri
650 2532 852 2592 omuibusrvos

251 2615 405 2688 attenditis,
416 2630 446 2674 et
456 2616 558 2675 auditis
570 2615 688 2688 fileutio,
701 2614 768 2674 ficut
779 2616 853 2678 face·

253 2699 405 2760 redebetis.
429 2708 466 2759 A.
480 2700 638 2777 Cluentius,
648 2720 733 2779 eques
745 2704 850 2762 Romu·

252 2806 318 2860 rsus,
329 2784 434 2845 causam
441 2785 508 2845 dicit
521 2807 552 2845 es
562 2788 631 2865 lege,
642 2786 765 2866 qualege
774 2789 851 2849 sens·

252 2885 340 2945 tores,
352 2873 417 2945 etii,
433 2873 480 2950 qui
489 2872 673 2949 magistratum
684 2875 850 2948 habuerunt,

253 2953 305 3013 soli
316 2971 464 3014 tenentur:
475 2959 543 3015 mihi
555 2978 603 3035 per
613 2977 676 3015 eum
683 2955 816 3030 recusare,
824 2973 859 3017 et·

251 3039 284 3098 in
292 3058 353 3096 arce
359 3038 427 3115 legis
440 3039 570 3117 praefidia
581 3040 745 3098 constituere
756 3041 852 3101 defen·

251 3120 337 3181 lionis
344 3142 420 3181 mese
427 3142 486 3181 non
494 3123 570 3183 licet.
594 3122 851 3184 liobrinueritcsu-

251 3204 308 3266 sem
326 3206 481 3283 Cluentius,
499 3206 598 3278 (licuti
612 3206 700 3267 uestra
715 3212 860 3287 aequitate·

252 3293 313 3356 nixi
324 3290 506 3373 confidimus)
517 3290 889 3372 unisonus-sginum&-
