2259 4175
383 981 418 1038 A.
440 977 715 1037 CLUEN'NO.
780 992 850 1040 rrrr

252 1075 373 1157 gationis
381 1077 522 1156 ejus,quae
530 1089 630 1137 contra
637 1074 776 1136 coloniam
782 1081 855 1136 Nar-

253 1160 402 1224 bonensem
410 1163 557 1238 serebatur,
565 1177 700 1242 quantum
709 1162 807 1243 potest,
819 1161 854 1221 de

252 1249 416 1309 auetoritate
426 1247 536 1309 senrtssr
544 1248 681 1309 detruhitr
694 1249 724 1306 in
732 1245 855 1308 suafioue

253 1334 322 1412 legis
339 1333 466 1395 serviliae
485 1334 598 1395 i'ummir
622 1349 707 1395 ornat
729 1331 854 1393 seuamm

252 1419 380 1481 hudibur
389 1442 400 1482 t
409 1437 437 1481 et
451 1420 538 1481 multe
551 1422 581 1480 in
593 1422 700 1501 equites
709 1426 855 1480 Romanor

251 1526 317 1568 eum
328 1527 365 1568 rx
375 1526 408 1568 ea
417 1509 545 1568 oratioue
559 1505 680 1586 asperius
697 1506 768 1566 diua
784 1505 855 1565 reri·

253 1590 343 1666 taistt,
367 1613 428 1673 quo
440 1594 526 1656 enimi
542 1591 655 1653 illorum
672 1592 798 1671 judicum
822 1595 855 1652 in

254 1676 611 1751 craffumineendereuru13
621 1678 792 1758 aliquantum
801 1675 867 1739 effe*

254 1779 413 1823 commotus
422 1763 533 1824 dicitur.
545 1766 639 1844 itaque
646 1766 676 1822 iu
685 1763 855 1845 respondeu-

254 1847 419 1929 doprimr'uu
430 1848 557 1930 exposuit
565 1847 706 1929 utriusque
717 1852 855 1910 rationem

254 1937 403 2014 temporis,
418 1950 449 1995 ut
459 1938 668 1998 oratioexreer
677 1933 856 1997 crusahrbitu

254 2021 413 2083 videreturr
429 2022 538 2099 deiude,
554 2037 586 2082 ut
600 2022 751 2101 intelligere
766 2021 856 2103 putrer

252 2115 369 2185 Brutus,
380 2113 465 2191 querit
479 2112 632 2184 hominem,
647 2125 676 2170 et
690 2130 750 2171 uon
766 2107 855 2171 solum

253 2214 311 2274 qua
324 2195 494 2275 eloquentia,
509 2217 605 2259 verum
616 2198 699 2257 etiam
708 2217 766 2277 quo
774 2196 855 2277 lepo=

254 2300 297 2354 re,
311 2295 338 2339 et
349 2284 449 2359 quibus
461 2282 568 2342 facetiis
582 2283 736 2362 praeditum
744 2280 854 2342 laceffis·

255 2362 306 2436 set;
319 2383 373 2425 rrer
381 2366 471 2446 etipse
479 2370 610 2428 excitavit
618 2370 778 2427 recitatores
790 2387 855 2427 cum

205 2466 215 2472 ”
254 2448 368 2529 fingulis
383 2451 494 2528 ribellis,
505 2473 578 2533 quos
596 2460 639 2513 M.
648 2458 761 2527 Brutus,
778 2468 856 2532 pater

253 2537 330 2597 itlius
342 2538 518 2615 accusatoris,
534 2540 568 2599 de
578 2539 641 2616 jure
649 2538 724 2597 civili
733 2537 855 2617 reliquit.

255 2644 352 2685 eurum
360 2625 510 2687 initiarum
519 2627 711 2699 recitarentur,
726 2645 769 2701 ea,
784 2644 857 2704 quae

254 2713 336 2772 vobis
343 2728 412 2771 rota
419 2710 471 2772 effe
478 2715 609 2773 arbitror:
620 2715 628 2745 ‘
638 2712 709 2773 forte
718 2713 855 2788 evenit,ut

254 2796 265 2830 ‘
280 2800 338 2857 ruri
346 2801 374 2857 iu
385 2800 541 2860 Privernate
548 2800 672 2874 effertur,
678 2821 741 2878 egu,
747 2815 775 2858 et
786 2806 855 2859 Bru·

254 2882 265 2917 ‘
281 2899 328 2943 tus
337 2884 409 2943 filius
418 2889 438 2944 ε’
451 2886 567 2946 fundum
577 2889 766 2946 Privernatem
777 2886 855 2960 flagi·

254 2971 341 3028 rabat.
366 2969 376 3000 ‘
391 2972 421 3028 in
431 2971 542 3029 Albano
554 2992 663 3029 eramus
675 2990 739 3046 ego,
750 2986 778 3027 rt
786 2976 856 3029 Bru·

255 3053 327 3111 ‘tus
343 3051 415 3111 filius
427 3056 450 3111 ι’
473 3056 612 3114 Albanum
630 3053 767 3131 poscebat.
792 3054 805 3085 ‘
822 3057 853 3114 iu

253 3138 265 3175 ‘
281 3140 401 3199 Tiburte
410 3138 482 3196 forte
496 3137 744 3198 cumaffediffemur
752 3157 816 3213 ego,
826 3153 857 3198 et

253 3226 267 3286 ⁴.
280 3223 352 3285 filius
363 3231 462 3283 Brutus
472 3226 496 3284 ε’
519 3226 667 3284 Tiburtem
679 3223 796 3284 fundum
812 3243 855 3280 re·

251 3312 388 3396 quirrbat.
413 3318 536 3381 Brutum
546 3301 899 3394 memborum-tui*
