2259 4175
373 881 703 995 corrourio.
780 924 854 1008 1165

244 1028 278 1092 bi
297 1027 443 1107 concedet,
465 1042 499 1090 nt
515 1042 624 1088 tanturn
642 1028 710 1088 mibi
733 1021 849 1107 sumum,

246 1131 384 1198 qnantum
396 1114 452 1176 fine
463 1116 546 1195 hujus
562 1113 685 1195 periculo
700 1117 854 1195 pneterire'

247 1201 435 1285 nonpoffom.
448 1216 791 1280 emeramen,uteequnm
799 1200 848 1280 est,

248 1293 344 1351 omnia
351 1304 431 1351 conte
436 1288 660 1370 pederenfinrqoe
666 1286 804 1364 dicentur,
816 1305 850 1350 uc

248 1397 340 1459 neque
346 1376 411 1436 sides
419 1375 502 1454 hujus
509 1372 676 1434 defensionis
683 1373 785 1447 relide,
799 1396 849 1434 ne-

247 1485 303 1546 qne
310 1461 471 1543 cujusquam
482 1477 529 1521 out
537 1461 659 1539 dignitas
667 1456 749 1534 laesa,
762 1475 848 1521 unta·

246 1553 352 1613 micitia
358 1549 465 1612 violata
471 1545 524 1608 effe
538 1546 676 1607 videntur.
700 1545 783 1607 video
794 1550 848 1627 igi·

245 1653 304 1713 tur,
319 1636 441 1715 Judicee,
456 1629 847 1696 animadvertiii'ecensoresin

242 1722 353 1802 judicet
368 1719 500 1801 quosdam
514 1719 588 1778 iliius
605 1716 710 1777 consilii
723 1721 850 1797 Juniani,

246 1829 309 1869 cum
321 1807 398 1867 istum
412 1804 498 1887 ipsam
511 1802 624 1864 causam
639 1802 847 1867 subscriberent.

245 1898 294 1954 hic
310 1895 430 1974 primum
441 1891 508 1951 iliud
520 1910 668 1951 commune
682 1909 850 1971 proponam,

247 2000 392 2060 nunquam
417 1975 695 2037 animadversionibus
719 1975 849 2038 censoriis

246 2069 320 2127 banc
328 2067 469 2129 civitatem
482 2065 520 2123 ita
533 2077 706 2138 contentam,
719 2078 750 2123 ut
766 2065 848 2124 rebus

242 2153 387 2231 judicatis,
398 2150 485 2210 fuisse.
502 2171 592 2229 neque
600 2152 629 2208 in
637 2170 667 2209 re
674 2164 742 2211 nota
748 2149 849 2212 consu·

247 2257 321 2298 marn
333 2252 441 2315 tempus
453 2235 596 2314 exemplis.
621 2257 725 2314 ponam
736 2236 804 2296 illud
815 2260 849 2297 u·

247 2342 317 2383 num
328 2342 336 2379 ε
349 2327 384 2379 C.
401 2328 584 2394 Getamscun
599 2328 662 2379 aL.
681 2324 805 2396 Metello,
822 2340 851 2383 et

248 2405 669 2480 Cn.Domitio‚ccnsoribus‚ex
677 2405 770 2466 senatu
779 2408 851 2485 ejec-

248 2509 294 2552 tus
303 2492 377 2565 essct,
390 2490 532 2551 censorem
543 2491 630 2572 ipsum
639 2491 787 2573 posseaesse
795 2493 851 2554 fae-

248 2595 326 2639 tum:
344 2593 383 2649 et,
391 2578 469 2656 cujus
478 2599 594 2638 morosa
605 2578 762 2638 censoribus
772 2598 852 2641 eraut

248 2664 414 2746 reprehensi,
423 2668 497 2724 hunc
506 2664 735 2747 postcactpopuli
749 2674 851 2726 Roma·

248 2755 290 2829 ni,
302 2768 445 2826 eteorum,
462 2754 545 2831 quiin
556 2752 642 2833 ipsum
650 2754 852 2813 animadverte-

249 2856 324 2916 rant,
343 2841 465 2898 moribus
480 2839 631 2919 praefuisse.
656 2840 732 2917 quod
750 2839 769 2898 fi
786 2840 853 2899 iilud

247 2927 383 3009 judicium
390 2926 854 3004 putareturtutcaeteri,turpijudi·

251 3018 296 3076 cio
305 3012 439 3084 damnati,
452 3013 481 3068 in
491 3027 652 3090 perpetuum
661 3013 738 3069 omni
747 3014 856 3069 honore

252 3125 284 3164 ac
293 3099 590 3177 dignitarcprivantur:
602 3096 637 3155 fic
645 3097 805 3154 bominibus
813 3099 856 3172 ig-

255 3188 380 3254 nominia
389 3185 503 3258 noratis,
512 3203 602 3263 neque
611 3183 644 3241 ad
653 3183 861 3241 honoremnn'x·

256 3266 899 3361 tus,neque’mcircummunientium„

341 3380 361 3422 θ
541 3374 569 3429 b.
581 3383 635 3426 nu
727 3385 729 3390 ·
