2259 4175
406 913 735 973 rtroNreto.
818 932 873 994 9¹3

271 1034 336 1081 tere
349 1016 459 1099 polliot.
481 1031 588 1098 pugnet
608 1017 709 1099 pariter
724 1036 777 1098 pro
793 1014 876 1080 salute

272 1110 317 1167 M.
332 1106 443 1165 Fonteii
461 1102 650 1165 Narbonenfir
662 1103 784 1179 colonia,
803 1126 875 1186 quae

270 1190 468 1273 perhuncipsa
475 1212 562 1271 nuper
569 1191 710 1251 obsidione
718 1190 833 1253 hostium
841 1194 875 1253 li·

270 1278 381 1352 berria,
392 1298 469 1339 nuno
482 1276 603 1355 ejusdem
619 1276 745 1353 miseriis,
760 1300 791 1339 ac
802 1283 875 1361 peri-

272 1364 343 1425 culis
352 1380 550 1426 commovetur.
574 1365 704 1444 denique,
719 1380 749 1424 ut
762 1382 874 1448 oportet

273 1450 348 1511 bello
359 1450 480 1529 Gallico,
494 1466 526 1511 ut
536 1452 672 1530 majorum
685 1452 759 1529 jura,
772 1454 874 1515 mores·

273 1557 328 1618 que
342 1536 541 1621 praescribunt,
552 1558 635 1597 nemo
648 1537 684 1597 ell
693 1541 761 1599 civis
774 1546 875 1601 Rome-

272 1644 338 1699 nus,
354 1627 403 1706 qui
417 1624 465 1685 libi
477 1624 534 1683 ulla
548 1624 723 1686 excusatione
743 1628 875 1691 utendum

273 1726 365 1791 putet.
389 1732 489 1771 omnes
499 1710 573 1771 illius
588 1713 747 1791 provinciae
755 1714 876 1793 publica·

274 1800 317 1873 ni,
329 1797 478 1877 agricolae,
489 1800 618 1877 pecuarii,
633 1801 733 1857 caeteri
751 1803 877 1877 negotia-

273 1899 361 1963 tores,
375 1906 434 1945 uno
449 1886 544 1945 animo
560 1891 603 1944 M.
617 1887 774 1959 Fonteium,
795 1903 878 1967 atque

230 1992 262 2042 ¹7
272 1992 328 2033 una
344 1994 415 2034 voce
425 1971 591 2033 defendunt.
660 1973 742 2048 Quod
753 1972 772 2032 sr
785 1990 877 2033 rantes

273 2062 441 2122 auxiliorum
457 2058 615 2120 nostrorum
634 2061 726 2140 copias
747 2060 878 2124 Inelucio-

274 2170 367 2209 marus
375 2147 430 2227 ipse
438 2145 604 2225 despexerit,
616 2145 672 2205 dux
685 2147 878 2226 Allobrogum,

276 2249 500 2312 caeterorumque
509 2233 669 2294 Gallorum:
683 2257 747 2293 num
757 2239 836 2293 etiam
845 2234 879 2293 de

277 2321 374 2379 matris
389 2323 463 2378 hunc
478 2319 636 2398 complexu,
652 2321 812 2392 territt-mae,
828 2324 880 2379 mi·

279 2404 458 2484 serrimaeque
467 2404 613 2480 foeminae,
631 2410 712 2466 vobis
728 2405 878 2486 inspeelan·

278 2493 364 2568 tibus,
380 2492 490 2567 avellet,
505 2507 587 2571 atque
601 2492 746 2552 abstrahet?
761 2492 879 2572 praeser-

279 2580 329 2639 tim
346 2599 407 2638 cum
423 2582 505 2656 virgo
521 2579 636 2638 Vestalis
653 2602 688 2639 ex
704 2581 788 2639 altera
804 2598 880 2661 parto

277 2687 437 2742 germanum
446 2666 558 2726 fratrem
569 2667 712 2746 complexe
720 2685 823 2742 teneat,
833 2691 880 2727 ve·

277 2751 427 2832 stramque,
440 2752 563 2830 Judices,
577 2775 608 2812 ac
617 2755 710 2833 populi
722 2757 840 2813 tlon-..mi
850 2755 881 2812 fi-

278 2838 340 2898 dem
355 2840 505 2918 imploret:
522 2860 592 2918 quae
607 2862 658 2920 pro
674 2843 765 2914 vobis,
778 2839 882 2898 liberis·

279 2923 883 3001 quevellristotannosindiisinrmortalibus

279 3010 421 3090 placandis
438 3011 571 3089 occupata
588 3012 635 3084 eil,
650 3028 680 3069 ut
692 3033 722 3069 ca
732 3032 818 3082 nunc,
831 3032 883 3088 pro

280 3097 364 3157 salute
377 3095 435 3172 sua,
448 3098 592 3175 fratrisque
602 3097 651 3169 sui,
664 3099 771 3154 animos
782 3097 883 3156 vellros

277 3185 388 3263 placare
399 3185 491 3264 pollrt.
517 3187 561 3242 cui
574 3183 687 3245 miletae
705 3184 787 3266 qtrolt
795 3183 900 3264 proeli-

273 3271 360 3349 diem,
374 3271 454 3352 quod
472 3270 610 3337 solatium
628 3273 913 3361 relitprttrrtlmrot

576 3377 649 3455 (ω
